@article{treisman80,
    author = {Treisman, A. M. and Gelade, G.},
    citeulike-article-id = {141654},
    citeulike-linkout-0 = {http://view.ncbi.nlm.nih.gov/pubmed/7351125},
    citeulike-linkout-1 = {http://www.hubmed.org/display.cgi?uids=7351125},
    issn = {0010-0285},
    journal = {Cognitive psychology},
    keywords = {attention},
    month = jan,
    number = {1},
    pages = {97--136},
    pmid = {7351125},
    posted-at = {2005-03-27 15:02:54},
    priority = {0},
    title = {{A feature-integration theory of attention.}},
    url = {http://view.ncbi.nlm.nih.gov/pubmed/7351125},
    volume = {12},
    year = {1980}
}

