@article{javed2010,
	author = {Javed, Waqas and McDonnel, Bryan and Elmqvist, Niklas},
	title = {Graphical Perception of Multiple Time Series},
	journal = {IEEE Transactions on Visualization and Computer Graphics},
	issue_date = {November 2010},
	volume = {16},
	number = {6},
	month = nov,
	year = {2010},
	issn = {1077-2626},
	pages = {927--934},
	numpages = {8},
	url = {http://dx.doi.org/10.1109/TVCG.2010.162},
	doi = {10.1109/TVCG.2010.162},
	acmid = {1907971},
	publisher = {IEEE Educational Activities Department},
	address = {Piscataway, NJ, USA},
	keywords = {braided graphs, design guidelines, evaluation, horizon graphs, line graphs, line graphs, braided graphs, horizon graphs, small multiples, stacked graphs, evaluation, design guidelines, small multiples, stacked graphs}
} 

@InProceedings{correll2012,
  author       = "Correll, Michael and Albers, Danielle and Franconeri, Steve and Gleicher, Michael",
  title        = "Comparing Averages in Time Series Data",
  booktitle    = "Proceedings of the 2012 ACM annual conference on Human Factors in Computing Systems",
  pages        = "1095--1104",
  month        = "May",
  year         = "2012",
  publisher    = "ACM",
  url          = "http://graphics.cs.wisc.edu/Papers/2012/CAFG12"
}

@book{playfair1786,
        author={Playfair, William},
        year={1786},
        title={The Commerical and Political Atlas: Representing, by means of stained copper-plate charts, the progress of the commerce, revenues, expenditure and debts of England during the whole of the Eighteenth Century}
}

@inproceedings{shneiderman1996,
  author = {Shneiderman, B.},
  title = {The eyes have it: a task by data type taxonomy for information visualizations},
  booktitle = {Proceedings of the IEEE Symposium on Visual Languages},
  year = {1996},
  pages = {336 -343},
  doi = {10.1109/VL.1996.545307}
}